K# $Id: references.bib 1789 2010-09-28 16:30:23Z jabriffa $

# This file contains bibliography entries in BibTeX format. Examples are
# provided of the more common entry types.

@book{Sutton1,
   author={Sutton, Richard S. and Bach, Francis and Barto, Andrew G.}, 
   title={Reinforcement learning: An introduction}, 
   publisher={MIT Press Ltd}, 
   year={2018},
   edition = "Second"
   }

@article{GabrieleDe,
   author={Gabriele De},
   title={What Is a Policy in Reinforcement Learning?},
   year={2023}
   }

@article{flaherty2021playing,
  title={Playing Pokemon Red with Reinforcement Learning},
  author={Flaherty, Joseph and Jimenez, Aaron and Abbasi, Bahareh and Abbasi, B and Flahery, J and Jimenez, A},
  year={2021}
}

@inproceedings{francon2020effective,
  title={Effective reinforcement learning through evolutionary surrogate-assisted prescription},
  author={Francon, Olivier and Gonzalez, Santiago and Hodjat, Babak and Meyerson, Elliot and Miikkulainen, Risto and Qiu, Xin and Shahrzad, Hormoz},
  booktitle={Proceedings of the 2020 Genetic and evolutionary computation conference},
  pages={814--822},
  year={2020}
}



@article{kalose2018optimal,
  title={Optimal battle strategy in pokemon using reinforcement learning},
  author={Kalose, Akshay and Kaya, Kris and Kim, Alvin},
  journal={Web: https://web. stanford. edu/class/aa228/reports/2018/final151. pdf},
  year={2018}
}

@article{brockman2016openai,
  title={Openai gym},
  author={Brockman, Greg and Cheung, Vicki and Pettersson, Ludwig and Schneider, Jonas and Schulman, John and Tang, Jie and Zaremba, Wojciech},
  journal={arXiv preprint arXiv:1606.01540},
  year={2016}
}

@inproceedings{zhang2021importance,
  title={On the importance of hyperparameter optimization for model-based reinforcement learning},
  author={Zhang, Baohe and Rajan, Raghu and Pineda, Luis and Lambert, Nathan and Biedenkapp, Andr{\'e} and Chua, Kurtland and Hutter, Frank and Calandra, Roberto},
  booktitle={International Conference on Artificial Intelligence and Statistics},
  pages={4015--4023},
  year={2021},
  organization={PMLR}
}

@misc{pyboy,
  author       = {Baekalfen},
  title        = {github: PyBoy},
   journal     ={ Web: https://github.com/Baekalfen/PyBoy },
  year         = {2021}
}



$ --- below are the examples ---

@CONFERENCE{bsw10icc,
   AUTHOR  = "Johann A. Briffa and Hans Georg Schaathun and Stephan Wesemeyer",
   TITLE   = "An Improved Decoding Algorithm for the {Davey-MacKay} Construction",
   BOOKTITLE = "Proc.\ {IEEE} Intern.\ Conf.\ on Commun.",
   ADDRESS = "Cape Town, South Africa",
   MONTH   = may # "~23--27,",
   YEAR    = 2010
   }

@ARTICLE{gamal,
   AUTHOR   = "Abbas A. el Gamal and Lane A. Hemachandra and Itzhak Shperling and Victor K. Wei",
   TITLE = "Using Simulated Annealing to Design Good Codes",
   JOURNAL  = "IEEE Transactions on Information Theory",
   YEAR  = 1987,
   MONTH = jan,
   VOLUME   = 33,
   NUMBER   = 1,
   PAGES = "116--123"
   }

@MISC{farrell,
   AUTHOR   = "P. G. Farrell",
   TITLE = "Notes on Source Coding",
   MONTH = feb,
   YEAR  = 1992,
   NOTE  = "University of Manchester"
   }

@PHDTHESIS{tunstall,
   AUTHOR   = "B. P. Tunstall",
   TITLE = "Synthesis of Noiseless Compression Codes",
   SCHOOL   = "Georgia Institute of Technology",
   YEAR  = 1968
   }

@BOOK{press,
   AUTHOR   = "William H. Press and Saul A. Teukolsky and William T. Vetterling and Brian P. Flannery",
   TITLE = "Numerical Recipes in {C}: The Art of Scientific Computing",
   PUBLISHER   = "Cambridge Universty Press",
   YEAR  = 1992,
   EDITION  = "Second"
   }

@MANUAL{netpbm,
   AUTHOR = "Bryan Henderson",
   TITLE = "Netpbm",
   URL = "http://netpbm.sourceforge.net/doc/",
   MONTH = feb # "~22nd,",
   YEAR = 2009
   }

@MANUAL{cuda-pg,
   ORGANIZATION    = "NVIDIA Corporation",
   TITLE   = "NVIDIA CUDA Programming Guide",
   NOTE    = "Version 2.3",
   MONTH   = jul # "~1st,",
   YEAR    = 2009
   }

@TECHREPORT{bw1994,
    author = {Michael Burrows and David J. Wheeler},
    title = {A Block-Sorting Lossless Data Compression Algorithm},
    institution = {Digital SRC Research Report},
    year = {1994}
}
