@article{dulac2021challenges,
  title     = {Challenges of real-world reinforcement learning: definitions, benchmarks and analysis},
  author    = {Dulac-Arnold, Gabriel and Levine, Nir and Mankowitz, Daniel J and Li, Jerry and Paduraru, Cosmin and Gowal, Sven and Hester, Todd},
  journal   = {Machine Learning},
  volume    = {110},
  number    = {9},
  pages     = {2419--2468},
  year      = {2021},
  publisher = {Springer}
}


 
 @article{bellman1958dynamic,
  title     = {Dynamic programming and stochastic control processes},
  author    = {Bellman, Richard},
  number    = {3},
  pages     = {228--239},
  year      = {1958},
  publisher = {Elsevier}
}

@misc{XanderSteenbrugge2019ppo,
  author       = {Xander Steenbrugge},
  howpublished = {Youtube video},
  title        = {An introduction to Policy Gradient methods- Deep Reinforcement Learning},
  year         = {2019}
}

@misc{XanderSteenbrugge2019intro,
  author       = {Xander Steenbrugge},
  howpublished = {Youtube video},
  title        = {An introduction to Reinforcement Learning},
  year         = {2019}
}

@article{ThomasSimonini2022PPO,
  author = {Thomas Simonini},
  title  = {Hugging Face: Proximal Policy Optimization (PPO)},
  year   = {2022}
}

@article{schulman2017proximal,
  title   = {Proximal policy optimization algorithms},
  author  = {Schulman, John and Wolski, Filip and Dhariwal, Prafulla and Radford, Alec and Klimov, Oleg},
  journal = {arXiv preprint arXiv:1707.06347},
  year    = {2017}
}


@article{ThomasSimonini2022A2C,
  author = {Thomas Simonini},
  title  = {Hugging Face: Advantage Actor Critic (A2C)},
  year   = {2022}
}

@article{SergiosKaragiannakos2018,
  title  = {The idea behind Actor-Critics and how A2C and A3C improve them},
  author = {Sergios Karagiannakos},
  year   = {2018}
}

@article{TFAgentsAuthors2023,
  author = {TF-Agents Authors},
  title  = {Introduction to RL and Deep Q Networks},
  year   = {2023}
}

@article{mnih2015human,
  title        = {Policy Based Reinforcement Learning, the Easy Way},
  author       = {Ziad SALLOUM},
  howpublished = {Medium},
  year         = {2019}
}

@article{brockman2016openai,
  title   = {Openai gym},
  author  = {Brockman, Greg and Cheung, Vicki and Pettersson, Ludwig and Schneider, Jonas and Schulman, John and Tang, Jie and Zaremba, Wojciech},
  journal = {arXiv preprint arXiv:1606.01540},
  year    = {2016}
}

@inproceedings{tobin2017domain,
  title        = {Domain randomization for transferring deep neural networks from simulation to the real world},
  author       = {Tobin, Josh and Fong, Rachel and Ray, Alex and Schneider, Jonas and Zaremba, Wojciech and Abbeel, Pieter},
  booktitle    = {2017 IEEE/RSJ international conference on intelligent robots and systems (IROS)},
  pages        = {23--30},
  year         = {2017},
  organization = {IEEE}
}


@article{deepcheckRL,
  title  = {Deep Checks, Reinforcement Learning},
  author = {deepchecks}
}

@article{flaherty2021playing,
  title  = {Playing Pokemon Red with Reinforcement Learning},
  author = {Flaherty, Joseph and Jimenez, Aaron and Abbasi, Bahareh and Abbasi, B and Flahery, J and Jimenez, A},
  year   = {2021}
}

@inproceedings{francon2020effective,
  title     = {Effective reinforcement learning through evolutionary surrogate-assisted prescription},
  author    = {Francon, Olivier and Gonzalez, Santiago and Hodjat, Babak and Meyerson, Elliot and Miikkulainen, Risto and Qiu, Xin and Shahrzad, Hormoz},
  booktitle = {Proceedings of the 2020 Genetic and evolutionary computation conference},
  pages     = {814--822},
  year      = {2020}
}

@article{GabrieleDe,
  author = {Gabriele De},
  title  = {What Is a Policy in Reinforcement Learning?},
  year   = {2023}
}

@article{kalose2018optimal,
  title   = {Optimal battle strategy in pokemon using reinforcement learning},
  author  = {Kalose, Akshay and Kaya, Kris and Kim, Alvin},
  journal = {Web: https://web. stanford. edu/class/aa228/reports/2018/final151. pdf},
  year    = {2018}
}


@article{mnih2013playing,
  title   = {Playing atari with deep reinforcement learning},
  author  = {Mnih, Volodymyr and Kavukcuoglu, Koray and Silver, David and Graves, Alex and Antonoglou, Ioannis and Wierstra, Daan and Riedmiller, Martin},
  journal = {arXiv preprint arXiv:1312.5602},
  year    = {2013}
}


@inproceedings{mnih2016asynchronous,
  title        = {Asynchronous methods for deep reinforcement learning},
  author       = {Mnih, Volodymyr and Badia, Adria Puigdomenech and Mirza, Mehdi and Graves, Alex and Lillicrap, Timothy and Harley, Tim and Silver, David and Kavukcuoglu, Koray},
  booktitle    = {International conference on machine learning},
  pages        = {1928--1937},
  year         = {2016},
  organization = {PMLR}
}

@article{padhye2023deep,
  title     = {A deep actor critic reinforcement learning framework for learning to rank},
  author    = {Padhye, Vaibhav and Lakshmanan, Kailasam},
  journal   = {Neurocomputing},
  volume    = {547},
  pages     = {126314},
  year      = {2023},
  publisher = {Elsevier}
}


@article{OdelTruxillo2023,
  title  = {What are the Challenges and Limitations of Value-Based Reinforcement Learning in Real-World Scenarios?},
  author = {Odel Truxillo},
  year   = {2023}
}

@misc{pyboy,
  author  = {Baekalfen},
  title   = {github: PyBoy},
  journal = { Web: https://github.com/Baekalfen/PyBoy },
  year    = {2021}
}

@article{sreenivas2022safe,
  title     = {Safe deployment of a reinforcement learning robot using self stabilization},
  author    = {Sreenivas, Nanda Kishore and Rao, Shrisha},
  journal   = {Intelligent Systems with Applications},
  volume    = {16},
  pages     = {200105},
  year      = {2022},
  publisher = {Elsevier}
}

@book{Sutton1,
  author    = {Sutton, Richard S. and Bach, Francis and Barto, Andrew G.},
  title     = {Reinforcement learning: An introduction},
  publisher = {MIT Press Ltd},
  year      = {2018},
  edition   = {Second}
}

@inproceedings{zhang2021importance,
  title        = {On the importance of hyperparameter optimization for model-based reinforcement learning},
  author       = {Zhang, Baohe and Rajan, Raghu and Pineda, Luis and Lambert, Nathan and Biedenkapp, Andr{\'e} and Chua, Kurtland and Hutter, Frank and Calandra, Roberto},
  booktitle    = {International Conference on Artificial Intelligence and Statistics},
  pages        = {4015--4023},
  year         = {2021},
  organization = {PMLR}
}