@article{BSC2022codeofconduct,
  author  = {BCS},
  title   = {BCS, The Chartered Institute for IT CODE OF CONDUCT FOR BCS MEMBERS},
  year    = {2022},
  urldate = {2024-05-04}
}

@article{dulac2021challenges,
  title     = {Challenges of real-world reinforcement learning: definitions, benchmarks and analysis},
  author    = {Dulac-Arnold, Gabriel and Levine, Nir and Mankowitz, Daniel J and Li, Jerry and Paduraru, Cosmin and Gowal, Sven and Hester, Todd},
  journal   = {Machine Learning},
  volume    = {110},
  number    = {9},
  pages     = {2419--2468},
  year      = {2021},
  publisher = {Springer},
  urldate   = {2024-03-02}
}

@inproceedings{jordan2020evaluating,
  title        = {Evaluating the performance of reinforcement learning algorithms},
  author       = {Jordan, Scott and Chandak, Yash and Cohen, Daniel and Zhang, Mengxue and Thomas, Philip},
  booktitle    = {International Conference on Machine Learning},
  pages        = {4962--4973},
  year         = {2020},
  organization = {PMLR},
  urldate      = {2024-03-06}
}

 @article{bellman1958dynamic,
  title     = {Dynamic programming and stochastic control processes},
  author    = {Bellman, Richard},
  number    = {3},
  pages     = {228--239},
  year      = {1958},
  publisher = {Elsevier},
  urldate   = {2024-03-02}
}

@misc{young2023enhancing,
  title         = {Enhancing Robotic Navigation: An Evaluation of Single and Multi-Objective Reinforcement Learning Strategies},
  author        = {Vicki Young and Jumman Hossain and Nirmalya Roy},
  year          = {2023},
  eprint        = {2312.07953},
  archiveprefix = {arXiv},
  primaryclass  = {cs.RO},
  urldate       = {2024-03-08}
}

@misc{wandb,
  title   = {Experiment Tracking with Weights and Biases},
  year    = {2020},
  note    = {Software available from wandb.com},
  url     = {https://www.wandb.com/},
  author  = {Biewald, Lukas},
  urldate = {2024-05-09}
}

@misc{PWhiddy2023,
  title   = {PokemonRedExperiments},
  author  = {Peter Whiddy},
  year    = {2023},
  url     = {https://github.com/PWhiddy/PokemonRedExperiments},
  urldate = {2024-03-03}
}

@misc{datacrystal,
  title   = {Pokémon Red/Blue:RAM map},
  author  = {Datacrystal},
  year    = {2023},
  url     = {https://datacrystal.romhacking.net/wiki/Pok%C3%A9mon_Red/Blue:RAM_map},
  urldate = {2024-02-08}
}

@misc{howlongtobeat,
  url     = {https://howlongtobeat.com/game/7169},
  journal = {HowLongToBeat.com},
  urldate = {2024-03-06}
} 

@inproceedings{8968092,
  author    = {Chen, Xi and Ghadirzadeh, Ali and Björkman, Mårten and Jensfelt, Patric},
  booktitle = {2019 IEEE/RSJ International Conference on Intelligent Robots and Systems (IROS)},
  title     = {Meta-Learning for Multi-objective Reinforcement Learning},
  year      = {2019},
  volume    = {},
  number    = {},
  pages     = {977-983},
  keywords  = {},
  doi       = {10.1109/IROS40897.2019.8968092},
  urldate   = {2024-03-08}
}


@misc{XanderSteenbrugge2019ppo,
  author       = {Xander Steenbrugge},
  howpublished = {Youtube video},
  title        = {An introduction to Policy Gradient methods- Deep Reinforcement Learning},
  year         = {2019},
  urldate      = {2024-03-04}
}

@misc{SerebiiTeam2016,
  author       = {Serebii Team},
  howpublished = {Website},
  title        = {Serebii},
  year         = {2016},
  urldate      = {2024-05-01}
}

@misc{XanderSteenbrugge2019intro,
  author       = {Xander Steenbrugge},
  howpublished = {Youtube video},
  title        = {An introduction to Reinforcement Learning},
  year         = {2019},
  urldate      = {2024-03-04}
}

@article{ThomasSimonini2022PPO,
  author  = {Thomas Simonini},
  title   = {Hugging Face: Proximal Policy Optimization (PPO)},
  year    = {2022},
  urldate = {2024-04-03}
}

@article{schulman2017proximal,
  title   = {Proximal policy optimization algorithms},
  author  = {Schulman, John and Wolski, Filip and Dhariwal, Prafulla and Radford, Alec and Klimov, Oleg},
  journal = {arXiv preprint arXiv:1707.06347},
  year    = {2017},
  urldate = {2024-04-03}
}


@article{ThomasSimonini2022A2C,
  author = {Thomas Simonini},
  title  = {Hugging Face: Advantage Actor Critic (A2C)},
  year   = {2022}
}

@article{SergiosKaragiannakos2018,
  title   = {The idea behind Actor-Critics and how A2C and A3C improve them},
  author  = {Sergios Karagiannakos},
  year    = {2018},
  urldate = {2024-03-03}
}

@article{TFAgentsAuthors2023,
  author  = {TF-Agents Authors},
  title   = {Introduction to RL and Deep Q Networks},
  year    = {2023},
  urldate = {2024-02-03}
}

@article{mnih2015human,
  title        = {Policy Based Reinforcement Learning, the Easy Way},
  author       = {Ziad SALLOUM},
  howpublished = {Medium},
  year         = {2019},
  urldate      = {2024-03-17}
}

@article{brockman2016openai,
  title   = {Openai gym},
  author  = {Brockman, Greg and Cheung, Vicki and Pettersson, Ludwig and Schneider, Jonas and Schulman, John and Tang, Jie and Zaremba, Wojciech},
  journal = {arXiv preprint arXiv:1606.01540},
  year    = {2016},
  urldate = {2024-03-06}
}

@inproceedings{tobin2017domain,
  title        = {Domain randomization for transferring deep neural networks from simulation to the real world},
  author       = {Tobin, Josh and Fong, Rachel and Ray, Alex and Schneider, Jonas and Zaremba, Wojciech and Abbeel, Pieter},
  booktitle    = {2017 IEEE/RSJ international conference on intelligent robots and systems (IROS)},
  pages        = {23--30},
  year         = {2017},
  organization = {IEEE},
  urldate      = {2024-03-02}
}

@phdthesis{wang2024winning,
  title   = {Winning at Pok{\'e}mon Random Battles Using Reinforcement Learning},
  author  = {Wang, Jett},
  year    = {2024},
  school  = {Massachusetts Institute of Technology},
  urldate = {2024-04-06}
}



@article{deepcheckRL,
  title   = {Deep Checks, Reinforcement Learning},
  author  = {deepchecks},
  urldate = {2024-04-03}
}

@article{flaherty2021playing,
  title   = {Playing Pokemon Red with Reinforcement Learning},
  author  = {Flaherty, Joseph and Jimenez, Aaron and Abbasi, Bahareh and Abbasi, B and Flahery, J and Jimenez, A},
  year    = {2021},
  urldate = {2024-05-07}
}

@inproceedings{francon2020effective,
  title     = {Effective reinforcement learning through evolutionary surrogate-assisted prescription},
  author    = {Francon, Olivier and Gonzalez, Santiago and Hodjat, Babak and Meyerson, Elliot and Miikkulainen, Risto and Qiu, Xin and Shahrzad, Hormoz},
  booktitle = {Proceedings of the 2020 Genetic and evolutionary computation conference},
  pages     = {814--822},
  year      = {2020},
  urldate   = {2024-01-26}
}

@article{GabrieleDe,
  author  = {Gabriele De},
  title   = {What Is a Policy in Reinforcement Learning?},
  year    = {2023},
  urldate = {2024-04-03}
}

@article{kalose2018optimal,
  title   = {Optimal battle strategy in pokemon using reinforcement learning},
  author  = {Akshay Kalose, Kris Kalose and Alvin Kim},
  journal = {Web: https://web. stanford. edu/class/aa228/reports/2018/final151. pdf},
  year    = {2018},
  urldate = {2024-01-26}
}

@article{chen2018gotta,
  title   = {Gotta Train’Em All: Learning to Play Pokemon Showdown with Reinforcement Learning},
  author  = {Chen, Kevin and Lin, Elbert},
  year    = {2018},
  urldate = {2024-04-06}
}

@inproceedings{dabney2018distributional,
  title     = {Distributional reinforcement learning with quantile regression},
  author    = {Dabney, Will and Rowland, Mark and Bellemare, Marc and Munos, R{\'e}mi},
  booktitle = {Proceedings of the AAAI conference on artificial intelligence},
  volume    = {32},
  number    = {1},
  year      = {2018},
  urldate   = {2024-04-03}
}

@article{hayes2022practical,
  title     = {A practical guide to multi-objective reinforcement learning and planning},
  author    = {Hayes, Conor F and R{\u{a}}dulescu, Roxana and Bargiacchi, Eugenio and K{\"a}llstr{\"o}m, Johan and Macfarlane, Matthew and Reymond, Mathieu and Verstraeten, Timothy and Zintgraf, Luisa M and Dazeley, Richard and Heintz, Fredrik and others},
  journal   = {Autonomous Agents and Multi-Agent Systems},
  volume    = {36},
  number    = {1},
  pages     = {26},
  year      = {2022},
  publisher = {Springer},
  urldate   = {2024-04-13}
}


@article{mnih2013playing,
  title   = {Playing atari with deep reinforcement learning},
  author  = {Mnih, Volodymyr and Kavukcuoglu, Koray and Silver, David and Graves, Alex and Antonoglou, Ioannis and Wierstra, Daan and Riedmiller, Martin},
  journal = {arXiv:1312.5602},
  year    = {2013},
  urldate = {2024-03-02}
}


@inproceedings{mnih2016asynchronous,
  title        = {Asynchronous methods for deep reinforcement learning},
  author       = {Mnih, Volodymyr and Badia, Adria Puigdomenech and Mirza, Mehdi and Graves, Alex and Lillicrap, Timothy and Harley, Tim and Silver, David and Kavukcuoglu, Koray},
  booktitle    = {International conference on machine learning},
  pages        = {1928--1937},
  year         = {2016},
  organization = {PMLR},
  urldate      = {2024-03-03}
}

@article{padhye2023deep,
  title     = {A deep actor critic reinforcement learning framework for learning to rank},
  author    = {Padhye, Vaibhav and Lakshmanan, Kailasam},
  journal   = {Neurocomputing},
  volume    = {547},
  pages     = {126314},
  year      = {2023},
  publisher = {Elsevier},
  urldate   = {2024-03-03}
}


@article{OdelTruxillo2023,
  title   = {What are the Challenges and Limitations of Value-Based Reinforcement Learning in Real-World Scenarios?},
  author  = {Odel Truxillo},
  year    = {2023},
  urldate = {2024-03-03}
}

@misc{HubZ_1998,
  title   = {Pokemon - Blue Version [DMG-APEE-USA] (nintendo game boy) - box manual },
  journal = {Internet Archive},
  author  = {HubZ},
  year    = {1998},
  urldate = {2024-04-13}
} 

@misc{pyboy,
  author  = {Baekalfen},
  title   = {github: PyBoy},
  journal = { Web: https://github.com/Baekalfen/PyBoy },
  year    = {2021},
  urldate = {2024-04-03},
  urldate = {2023-12-13}
}

@article{berner2019dota,
  title   = {Dota 2 with large scale deep reinforcement learning},
  author  = {Berner, Christopher and Brockman, Greg and Chan, Brooke and Cheung, Vicki and D{\k{e}}biak, Przemys{\l}aw and Dennison, Christy and Farhi, David and Fischer, Quirin and Hashme, Shariq and Hesse, Chris and others},
  journal = {arXiv preprint arXiv:1912.06680},
  year    = {2019},
  urldate = {2024-04-14}
}

@article{stablebaselines3,
  author  = {Antonin Raffin and Ashley Hill and Adam Gleave and Anssi Kanervisto and Maximilian Ernestus and Noah Dormann},
  title   = {Stable-Baselines3: Reliable Reinforcement Learning Implementations},
  journal = {Journal of Machine Learning Research},
  year    = {2021},
  volume  = {22},
  number  = {268},
  pages   = {1-8},
  url     = {http://jmlr.org/papers/v22/20-1364.html},
  urldate = {2024-04-16}
}

@article{sreenivas2022safe,
  title     = {Safe deployment of a reinforcement learning robot using self stabilization},
  author    = {Sreenivas, Nanda Kishore and Rao, Shrisha},
  journal   = {Intelligent Systems with Applications},
  volume    = {16},
  pages     = {200105},
  year      = {2022},
  publisher = {Elsevier},
  urldate = {2024-04-02}
}

@

@article{Sutton1,
  author    = {Sutton, Richard S. and Bach, Francis and Barto, Andrew G.},
  title     = {Reinforcement learning: An introduction},
  publisher = {MIT Press Ltd},
  year      = {2018},
  edition   = {Second},
  urldate = {2024-04-30}
}

@inproceedings{zhang2021importance,
  title        = {On the importance of hyperparameter optimization for model-based reinforcement learning},
  author       = {Zhang, Baohe and Rajan, Raghu and Pineda, Luis and Lambert, Nathan and Biedenkapp, Andr{\'e} and Chua, Kurtland and Hutter, Frank and Calandra, Roberto},
  booktitle    = {International Conference on Artificial Intelligence and Statistics},
  pages        = {4015--4023},
  year         = {2021},
  organization = {PMLR},
  urldate = {2024-02-08}
}